<collection xmlns="http://www.loc.gov/MARC21/slim">
<record>
  <leader>01318nam0a2200193 i 450 </leader>
  <controlfield tag="001">IT\ICCU\CNCE\017095</controlfield>
  <controlfield tag="005">20030919000000.0</controlfield>
  <datafield tag="012" ind1=" " ind2=" ">
    <subfield code="a">e.,&amp; nano maa- a.e- (C) 1574 (Q)</subfield>
    <subfield code="2">fei</subfield>
  </datafield>
  <datafield tag="100" ind1=" " ind2=" ">
    <subfield code="a">19970101f1574        0itac0103    ba</subfield>
  </datafield>
  <datafield tag="101" ind1=" " ind2=" ">
    <subfield code="a">ITA</subfield>
  </datafield>
  <datafield tag="102" ind1=" " ind2=" ">
    <subfield code="a">IT</subfield>
  </datafield>
  <datafield tag="200" ind1="1" ind2=" ">
    <subfield code="a">Relatione de Marino Di Christoforo raguseo il quale hoggi che sono li XII di agosto 1574 e venuto in Trapani portato da un liutello ch&apos;el duca di Terranoua haueua mandato con letere alla Goletta &amp; si parti dal campo de Turchi domenica la notte che furono li 15 del detto mese d&apos;agosto. Con vn auiso dalla goletta, scritto da un particolare al suo figliuolo in Trapani, doue se intende d&apos;una cannonata sparata da nemici della Goletta, la quale aperse la palla per mezzo, e in detta palla si ritrovo la gloriosa nostra Donna del Rosario miracolo grandissimo, doue li nostri christiani difensori di detta Goletta stanno di bonissimo animo hauendo il detto miracolo con essi</subfield>
  </datafield>
  <datafield tag="210" ind1=" " ind2=" ">
    <subfield code="d">\1574!</subfield>
    <subfield code="e">In Roma</subfield>
    <subfield code="g">per gli heredi d&apos;Antonio Blado stampatori camerali</subfield>
  </datafield>
  <datafield tag="215" ind1=" " ind2=" ">
    <subfield code="a">\4! c.</subfield>
    <subfield code="c">1 c. geogr. pieg.</subfield>
    <subfield code="d">4ʻ</subfield>
  </datafield>
  <datafield tag="620" ind1=" " ind2=" ">
    <subfield code="a">IT</subfield>
    <subfield code="d">Roma</subfield>
  </datafield>
  <datafield tag="700" ind1=" " ind2="1">
    <subfield code="a">Di_Cristoforo,</subfield>
    <subfield code="b">Marino</subfield>
    <subfield code="3">IT\ICCU\CNCA\004817</subfield>
  </datafield>
  <datafield tag="712" ind1="0" ind2="0">
    <subfield code="a">Blado, Antonio - eredi</subfield>
    <subfield code="3">IT\ICCU\CNCT\000148</subfield>
    <subfield code="4">650</subfield>
  </datafield>
  <datafield tag="801" ind1=" " ind2="3">
    <subfield code="a">IT</subfield>
    <subfield code="b">ICCU</subfield>
    <subfield code="c">20201114</subfield>
  </datafield>
  <datafield tag="899" ind1=" " ind2=" ">
    <subfield code="a">Biblioteca Apostolica Vaticana. Citt ̉del Vaticano</subfield>
    <subfield code="1">EX0001</subfield>
    <subfield code="2">ZCV 01</subfield>
  </datafield>
</record>
</collection>
